% Site

@MISC{networkx,
  title = {NetworkX documentation},
  year = 2019,
  note = {"\url{https://networkx.github.io/documentation/latest/}". Acedido em 28 de Dezembro de 2019}
}

@MISC{shortest_path,
  title = {shortest\_path() documentation},
  year = 2019,
  note = {"\url{https://networkx.github.io/documentation/stable/reference/algorithms/generated/networkx.algorithms.shortest_paths.generic.shortest_path.html#networkx.algorithms.shortest_paths.generic.shortest_path}". Acedido em 28 de Dezembro de 2019}
}

@MISC{shortest_path_lenght,
  title = {shortest\_path\_lenght() documentation},
  year = 2019,
  note = {"\url{https://networkx.github.io/documentation/stable/reference/algorithms/generated/networkx.algorithms.shortest_paths.generic.shortest_path_length.html#networkx.algorithms.shortest_paths.generic.shortest_path_length}". Acedido em 28 de Dezembro de 2019}
}

@MISC{slides,
  author = {Luís Alexandre},
  title = {Inteligência Artificial},
  institution = {Universidade da Beira Interior},
  howpublished = {Lecture Notes},
  year = {2019}
}

@book{livro,
  place = {Harlow},
  title = {Artificial intelligence: a modern approach},
  publisher = {Pearson},
  author = {Russell, Stuart J. and Norvig, Peter},
  year = {2016}
}
